<record><leader>00000cas a2200000 a 4500</leader><controlfield tag="001">12796325</controlfield><controlfield tag="008">851114d18781878ksuwr ne      0    0eng d</controlfield><datafield ind1=" " ind2=" " tag="010"><subfield code="a">sn 85032651 </subfield></datafield><datafield ind1=" " ind2=" " tag="040"><subfield code="a">KSH</subfield><subfield code="b">eng</subfield><subfield code="c">KSH</subfield><subfield code="d">NPT</subfield><subfield code="d">OCL</subfield><subfield code="d">OCLCQ</subfield></datafield><datafield ind1=" " ind2=" " tag="042"><subfield code="a">msc</subfield></datafield><datafield ind1="0" ind2="4" tag="245"><subfield code="a">The Clifton localist.</subfield></datafield><datafield ind1=" " ind2=" " tag="260"><subfield code="a">Clifton, Kan. :</subfield><subfield code="b">R. Cunningham &amp; Co.,</subfield><subfield code="c">1878.</subfield></datafield><datafield ind1=" " ind2=" " tag="300"><subfield code="a">1 v. ;</subfield><subfield code="c">60-65 cm.</subfield></datafield><datafield ind1=" " ind2=" " tag="310"><subfield code="a">Weekly</subfield></datafield><datafield ind1="0" ind2=" " tag="362"><subfield code="a">Vol. 1, no. 1 (Mar. 16, 1878)-v. 1, no. 40 (Dec. 14, 1878).</subfield></datafield><datafield ind1=" " ind2=" " tag="500"><subfield code="a">Published by F. Cunningham, May 11-Dec. 14, 1878.</subfield></datafield><datafield ind1=" " ind2=" " tag="752"><subfield code="a">United States</subfield><subfield code="b">Kansas</subfield><subfield code="c">Washington</subfield><subfield code="d">Clifton.</subfield></datafield><datafield ind1="0" ind2="0" tag="785"><subfield code="t">Localist</subfield><subfield code="w">(DLC)sn 83040928</subfield></datafield><datafield ind1="1" ind2=" " tag="029"><subfield code="a">AU@</subfield><subfield code="b">000022166618</subfield></datafield></record>